@misc{CQRS,
  title = {CQRS},
  author = {Fowler, Martin},
  year = {2011},
  howpublished = {\url{http://martinfowler.com/bliki/CQRS.html}}
}

@misc{so_repository,
  author = {Ryan},
  title = {Answer to: NOT using repository pattern, use the ORM as is (EF)},
  year = {2013},
  howpublished = {\url{http://stackoverflow.com/a/20159814}}
}

@misc{repository_done_right,
  author = {jgauffin},
  title = {Repository pattern, done right},
  year = {2013},
  howpublished = {\url{http://blog.gauffin.org/2013/01/repository-pattern-done-right/}}
}

@misc{so_jgauffin,
  author = {jgauffin},
  title = {Answer to: Alternatives to the repository pattern for encapsulating ORM logic?},
  year = {2013},
  howpublished = {\url{http://programmers.stackexchange.com/a/181222}}
}

@misc{horror_vietnam,
  author = {Atwood, Jeff},
  title = {Object-Relational Mapping is the Vietnam of Computer Science},
  year = {2006},
  howpublished = {\url{http://blog.codinghorror.com/object-relational-mapping-is-the-vietnam-of-computer-science/}}
}

@misc{ormhate,
  author = {Fowler, Martin},
  title = {OrmHate},
  year = {2012},
  howpublished = {\url{http://martinfowler.com/bliki/OrmHate.html}}
}

@misc{hibernate_mismatch,
  author = {hibernate.org},
  title = {What is Object/Relational Mapping?},
  year = {},
  howpublished = {\url{http://hibernate.org/orm/what-is-an-orm/}}
}

@misc{so_mismatch,
  author = {RalphChapin},
  title = {Answer to: Is there really Object-relational impedance mismatch?},
  year = {2012},
  howpublished = {\url{http://programmers.stackexchange.com/a/146449}}
}
